%%%%%%%%%%%%%%% Articles
@Article{Clemencic:2010zz,
     author    = "M. Clemencic and others",
     title     = "{Recent developments in the LHCb software framework
                  Gaudi}",
     journal   = "J. Phys. Conf. Ser.",
     volume    = 219,
     year      = 2010,
     pages     = 042006,
     doi       = "10.1088/1742-6596/219/4/042006",
     SLACcitation  = "%%CITATION = 00462,219,042006;%%"
}

@Article{Barrand:2001ny,
     author    = "G. Barrand and others",
     title     = "{GAUDI - A software architecture and framework for building
                  HEP data processing applications}",
     journal   = "Comput. Phys. Commun.",
     volume    = 140,
     year      = 2001,
     pages     = "45-55",
     doi       = "10.1016/S0010-4655(01)00254-5",
     SLACcitation  = "%%CITATION = CPHCB,140,45;%%"
}

@Article{Brun:1997pa,
      author         = "Brun, R. and Rademakers, F.",
      title          = "{ROOT: An object oriented data analysis framework}",
      journal        = "Nucl.Instrum.Meth.",
      volume         = "A389",
      pages          = "81-86",
      doi            = "10.1016/S0168-9002(97)00048-X",
      year           = "1997",
      SLACcitation   = "%%CITATION = NUIMA,A389,81;%%",
}

@article{Agostinelli:2002hh,
      author         = "Agostinelli, S. and others",
      title          = "{GEANT4: A Simulation toolkit}",
      collaboration  = "GEANT4",
      journal        = "Nucl.Instrum.Meth.",
      volume         = "A506",
      pages          = "250-303",
      doi            = "10.1016/S0168-9002(03)01368-8",
      year           = "2003",
      reportNumber   = "SLAC-PUB-9350, FERMILAB-PUB-03-339",
      SLACcitation   = "%%CITATION = NUIMA,A506,250;%%",
}

@article{Kruzelecki:2010zz,
      author         = "Kruzelecki, Karol and Roiser, Stefan and Degaudenzi,
                        Hubert",
      title          = "{The nightly build and test system for LCG AA and LHCb
                        software}",
      journal        = "J.Phys.Conf.Ser.",
      volume         = "219",
      pages          = "042042",
      doi            = "10.1088/1742-6596/219/4/042042",
      year           = "2010",
      SLACcitation   = "%%CITATION = 00462,219,042042;%%",
}


%%%%%%%%%%%%%%% Proceedings
@InProceedings{Arnault:2000vu,
     author    = "Arnault, C.",
     title     = "{CMT: A software configuration management tool}",
     year      = 2000,
     booktitle = "International Conference on Computing in
                  High-Energy Physics and Nuclear Physics (CHEP 2000),
                  Padova, Italy, 7-11 Feb 2000"
}

@InProceedings{QMTestPaper,
     author    = "Mark Mitchell, Jeffrey Oldham and Greg Wilson",
     title     = "{QMTest: A Software Testing Tool}",
     year      = 2002,
     booktitle = "Tenth International Python Conference",
     url = "{http://www.python.org/workshops/2002-02/papers/01/index.htm}"
}

%%%%%%%%%%%%%%% Books
@Book{CMakeBook,
 title = {Mastering CMake},
 publisher = {Kitware, Inc.},
 year = {2010},
 author = {Ken Martin, Bill Hoffman},
 isbn = {9781930934221}
}

%%%%%%%%%%%%%%% Main web pages
@Webpage{CDash,
  title = "{CDash - an open source, web-based software testing server}",
  url = "{http://www.cdash.org/}"
}

@Webpage{CDashSubprojects,
  title = "{CDash Subprojects}",
  url = "{http://www.kitware.com/media/html/CDashSubprojects.html}"
}

@Webpage{CMake,
  title = "{CMake - Cross Platform Make}",
  url = "{http://www.cmake.org/}"
}

@Webpage{CMT,
  title = "{CMT Home Page}",
  url = "{http://www.cmtsite.org/}"
}

@Webpage{CVS,
  title = "{CVS Home Page}",
  url = "{http://ximbiot.com/cvs/}"
}

@Webpage{distcc,
  title = "{distcc: a fast, free distributed C/C++ compiler}",
  url = "{http://code.google.com/p/distcc/}"
}

@Webpage{distccCERN,
  title = "{CERN distcc Pilot Service}",
  url = "{https://twiki.cern.ch/twiki/bin/view/LinuxSupport/DistccPilotService}"
}

@Webpage{Geant4,
  title = "{Geant4: A toolkit for the simulation of the passage of particles through matter}",
  url = "{http://cern.ch/geant4}"
}

@Webpage{GIT,
  title = "{GIT Distributed Version Control System}",
  url = "{http://git-scm.com/}"
}

@Webpage{Groovy,
  title = "{Groovy scripting language}",
  url = "{http://groovy.codehaus.org/}"
}

@Webpage{Jenkins,
  title = "{Jenkins CI}",
  url = "{http://jenkins-ci.org/}"
}

@Webpage{JRE,
  title = "{Java}",
  url = "{http://java.com}"
}

@Webpage{KDE,
  title = "{KDE Project}",
  url = "{http://kde.org/}"
}

@Webpage{nose,
  title = "{nose, a Python testing framework}",
  url = "{https://nose.readthedocs.org}"
}

@Webpage{ROOT,
  title = "{ROOT | A Data Analysis Framework}",
  url = "{http://root.cern.ch/}"
}

@Webpage{Subversion,
  title = "{Apache Subversion}",
  url = "{http://subversion.apache.org/}"
}

@Webpage{cvs2svn,
  title = "{cvs2svn Project Home}",
  url = "{http://cvs2svn.tigris.org/}"
}

@Webpage{Python,
  title = "{Python Programming Language -- Official Website}",
  url = "{http://python.org/}"
}

%%%%%%%%%%%%%%% Specific web pages
@Webpage{ROOT:CMake,
  title = "{Building ROOT with CMake}",
  url = "{http://root.cern.ch/drupal/content/building-root-cmake}"
}
