@article{tibshirani1996regression,
  author  = {Tibshirani, Robert},
  title   = {{Regression Shrinkage and Selection Via the Lasso}},
  journal = {Journal of the Royal Statistical Society: Series B (Methodological)},
  volume  = {58},
  number  = {1},
  pages   = {267--288},
  doi     = {10.1111/j.2517-6161.1996.tb02080.x},
  url     = {https://rss.onlinelibrary.wiley.com/doi/abs/10.1111/j.2517-6161.1996.tb02080.x},
  year    = {1996}
}

@article{simon2013sparse,
  author    = {Noah Simon and Jerome Friedman and Trevor Hastie and Robert Tibshirani},
  title     = {A Sparse-Group Lasso},
  journal   = {Journal of Computational and Graphical Statistics},
  volume    = {22},
  number    = {2},
  pages     = {231--245},
  year      = {2013},
  publisher = {Taylor \& Francis},
  doi       = {10.1080/10618600.2012.681250},
  url       = {https://doi.org/10.1080/10618600.2012.681250}
}

@article{yuan2006model,
  author  = {Yuan, Ming and Lin, Yi},
  title   = {Model selection and estimation in regression with grouped variables},
  journal = {Journal of the Royal Statistical Society: Series B (Statistical Methodology)},
  volume  = {68},
  number  = {1},
  pages   = {49--67},
  doi     = {10.1111/j.1467-9868.2005.00532.x},
  url     = {https://rss.onlinelibrary.wiley.com/doi/abs/10.1111/j.1467-9868.2005.00532.x},
  year    = {2006}
}

@inproceedings{mosci2010solving,
  author    = {Mosci, Sofia and Rosasco, Lorenzo and Santoro, Matteo and Verri, Alessandro and Villa, Silvia},
  editor    = {Balc{\'a}zar, Jos{\'e} Luis and Bonchi, Francesco and Gionis, Aristides and Sebag, Mich{\`e}le},
  title     = {{Solving Structured Sparsity Regularization with Proximal Methods}},
  booktitle = {{Machine Learning and Knowledge Discovery in Databases}},
  year      = {2010},
  publisher = {Springer Berlin Heidelberg},
  address   = {Berlin, Heidelberg},
  pages     = {418--433},
  isbn      = {978-3-642-15883-4},
  doi       = {10.1007/978-3-642-15883-4_27}
}

@article{copt,
  author = {Fabian Pedregosa, Geoffrey Negiar, Gideon Dresdner},
  title  = {copt: composite optimization in Python},
  year   = 2020,
  doi    = {10.5281/zenodo.1283339},
  url    = {http://openopt.github.io/copt/}
}

@inproceedings{sklearn_api,
  author        = {Lars Buitinck and Gilles Louppe and Mathieu Blondel and
               Fabian Pedregosa and Andreas Mueller and Olivier Grisel and
               Vlad Niculae and Peter Prettenhofer and Alexandre Gramfort
               and Jaques Grobler and Robert Layton and Jake VanderPlas and
               Arnaud Joly and Brian Holt and Ga{\"{e}}l Varoquaux},
  title         = {{API} design for machine learning software: experiences from the scikit-learn
               project},
  booktitle     = {ECML PKDD Workshop: Languages for Data Mining and Machine Learning},
  year          = {2013},
  pages         = {108--122},
  eprint        = {1309.0238},
  archiveprefix = {arXiv},
  primaryclass  = {cs.LG}
}

@article{sklearn,
  author  = {Pedregosa, Fabian and Varoquaux, Ga\"{e}l and Gramfort, Alexandre and Michel, Vincent and Thirion, Bertrand and Grisel, Olivier and Blondel, Mathieu and Prettenhofer, Peter and Weiss, Ron and Dubourg, Vincent and Vanderplas, Jake and Passos, Alexandre and Cournapeau, David and Brucher, Matthieu and Perrot, Matthieu and Duchesnay, \'{E}douard},
  title   = {Scikit-Learn: Machine Learning in {P}ython},
  year    = {2011},
  volume  = {12},
  issn    = {1532-4435},
  journal = {Journal of Machine Learning Research},
  month   = nov,
  pages   = {2825â€“-2830},
}

@article{richiehalford2019multidimensional,
  author       = {Richie-Halford, Adam and Yeatman, Jason and Simon, Noah and Rokem, Ariel},
  title        = {Multidimensional analysis and detection of informative features in diffusion MRI measurements of human white matter},
  elocation-id = {2019.12.19.882928},
  year         = {2019},
  doi          = {10.1101/2019.12.19.882928},
  publisher    = {Cold Spring Harbor Laboratory},
  url          = {https://www.biorxiv.org/content/early/2019/12/20/2019.12.19.882928},
  journal      = {bioRxiv}
}

@software{scikit-optimize,
  author    = {Head, Tim and Kumar, Manoj and Nahrstaedt, Holger and Louppe, Gilles and Shcherbatyi, Iaroslav},
  title     = {scikit-optimize/scikit-optimize},
  month     = sep,
  year      = 2020,
  publisher = {Zenodo},
  version   = {v0.8.1},
  doi       = {10.5281/zenodo.4014775},
  url       = {https://doi.org/10.5281/zenodo.4014775}
}

@misc{lightning-2016,
  author = {Blondel, Mathieu and Pedregosa, Fabian},
  title  = {{Lightning: large-scale linear classification, regression and ranking in Python}},
  year   = 2016,
  doi    = {10.5281/zenodo.200504},
  url    = {https://doi.org/10.5281/zenodo.200504}
}

@softwareversion{group-lasso,
  author  = {Moe, Yngve Mardal},
  title   = {Group Lasso},
  year    = {2020},
  url     = {https://github.com/yngvem/group-lasso},
  version = {\href{https://archive.softwareheritage.org/swh:1:dir:18ab9abeda24c3466411280c15c740ab1cbe2f00;origin=https://github.com/yngvem/group-lasso;visit=swh:1:snp:f48b67a50016e1df8787bd76d9968636575a7242;anchor=swh:1:rev:0338a655cfa59ad7e97a60859702b2f30e78895e/}{swh:1:dir:18ab9abeda24c3466411280c15c740ab1cbe2f00}}
}

@article{credit,
  author  = {Brand, Amy and Allen, Liz and Altman, Micah and Hlava, Marjorie and Scott, Jo},
  title   = {Beyond authorship: attribution, contribution, collaboration, and credit},
  journal = {Learned Publishing},
  volume  = {28},
  number  = {2},
  pages   = {151-155},
  doi     = {10.1087/20150211},
  url     = {https://onlinelibrary.wiley.com/doi/abs/10.1087/20150211},
  year    = {2015}
}
