@book{Lju1987,
  title={System identification: theory for the user},
  author={Ljung, Lennart},
  year={1987},
  publisher={Prentice-hall},
  doi={10.1016/0005-1098(89)90019-8}
}

@Book{Bil2013,
  title     = {{Nonlinear system identification: {NARMAX} methods in the time, frequency, and spatio-temporal domains}},
  publisher = {John Wiley {\&} Sons},
  year      = {2013},
  author    = {Billings, S. A.},
  address   = {Chichester},
  pages     = {574}
}

@InProceedings{BL1981,
  author    = {Billings, S. A. and Leontaritis, I. J.},
  title     = {{Identification of Nonlinear Systems Using Parameter Estimation Techniques}},
  booktitle = {Proceedings of the {IEEE} Conference on Control and its Application},
  year      = {1981},
  pages     = {183--187}
}

@article{LB1985,
  title={Input-output parametric models for non-linear systems -- Part I: Deterministic non-linear systems; Part II: Stochastic non-linear systems},
  author={Leontaritis, I. J. and Billings, S. A.},
  journal={International Journal of Control},
  volume={41},
  number={2},
  pages={303--328; 329--344},
  year={1985},
  publisher={Taylor {\&} Francis}
}

@article{CB1989,
  title={Representations of non-linear systems: the {NARMAX} model},
  author={Chen, S. and Billings, S. A.},
  journal={International Journal of Control},
  volume={49},
  number={3},
  pages={1013--1032},
  year={1989},
  publisher={Taylor \& Francis},
  doi={10.1080/00207178908559683}
}

@article{MA2016,
  title={Sufficient conditions for rate-independent hysteresis in autoregressive identified models},
  author={Martins, S. A. M. and Aguirre, L. A.},
  journal={Mechanical Systems and Signal Processing},
  volume={75},
  pages={607--617},
  year={2016},
  publisher={Elsevier},
  doi={10.1016/j.ymssp.2015.12.031}
}

@book{Agu2004,
  title={Introdu{\c{c}}{\~a}o {\`a} identifica{\c{c}}{\~a}o de sistemas--T{\'e}cnicas lineares e n{\~a}o-lineares aplicadas a sistemas reais},
  author={Aguirre, L. A.},
  year={2004},
  publisher={Editora UFMG}
}

@article{WMNL2019,
  title={Control of Hysteretic Systems Through an Analytical Inverse Compensation Based on a NARX Model},
  author={Lacerda Junior, Wilson R. and Martins, Samir A. M. and Nepomuceno, Erivelton G. and Lacerda, M{\'a}rcio J.},
  journal={IEEE Access},
  volume={7},
  pages={98228--98237},
  year={2019},
  publisher={IEEE},
  doi={10.1109/access.2019.2926057}
}

@article{FWHM2003,
  title={Modelling and prediction of machining errors using {ARMAX} and {NARMAX} structures},
  author={Fung, E. H. K. and Wong, Y. K. and Ho, H. F. and Mignolet, M. P.},
  journal={Applied Mathematical Modelling},
  volume={27},
  number={8},
  pages={611--627},
  year={2003},
  publisher={Elsevier},
  doi={10.1016/s0307-904x(03)00071-4}
}

@article{GGBW2016,
  title={Ultra-orthogonal forward regression algorithms for the identification of non-linear dynamic systems},
  author={Guo, Y. and Guo, L. Z. and Billings, S. A. and Wei, Hua-Liang.},
  journal={Neurocomputing},
  volume={173},
  pages={715--723},
  year={2016},
  publisher={Elsevier},
  doi={10.1016/j.neucom.2015.08.022}
}

@article{KGHK2003,
  title={{NARMAX} representation and identification of ankle dynamics},
  author={Kukreja, S. L. and Galiana, H. L. and Kearney, R. E.},
  journal={IEEE transactions on biomedical engineering},
  volume={50},
  number={1},
  pages={70--81},
  year={2003},
  publisher={IEEE},
  doi={10.1109/tbme.2002.803507}
}

@incollection{BBWL2018,
  title={Applications of {NARMAX} in Space Weather},
  author={Boynton, R. and Balikhin, M. and Wei, H. and Lang, Z.},
  booktitle={Machine Learning Techniques for Space Weather},
  pages={203--236},
  year={2018},
  publisher={Elsevier},
  doi={10.1016/b978-0-12-811788-0.00008-1}
}

@article{CER2001,
  title={Nonlinear gas turbine modeling using {NARMAX} structures},
  author={Chiras, N. and Evans, C. and Rees, D.},
  journal={IEEE Transactions on Instrumentation and Measurement},
  volume={50},
  number={4},
  pages={893--898},
  year={2001},
  publisher={IEEE}
}

@article{Wei1885,
  title={{\"U}ber die analytische Darstellbarkeit sogenannter willk{\"u}rlicher Functionen einer reellen Ver{\"a}nderlichen},
  author={Weierstrass, K.},
  journal={Sitzungsberichte der K{\"o}niglich Preu{\ss}ischen Akademie der Wissenschaften zu Berlin},
  volume={2},
  pages={633--639},
  year={1885}
}

@article{KST2020,
  title={A Tree Adjoining Grammar Representation for Models Of Stochastic Dynamical Systems},
  author={Khandelwal, Dhruv and Schoukens, Maarten and T{\'o}th, Roland},
  journal={arXiv preprint arXiv:2001.05320},
  year={2020},
  doi={10.1016/j.automatica.2020.109099}
}

@inproceedings{LJAM2017,
  title={Identificação de um Motor/Gerador CC por meio de Modelos Polinomiais Autorregressivos e Redes Neurais Artificais},
  author={Lacerda Junior, W. R, L. and Almeida, V. M. and Martins, S. A. M.},
  booktitle     = {XIII Simp{\'{o}}sio Brasileiro de Automa{\c{c}}{\~{a}}o Inteligente},
  year          = {2017},
  pages         = {1--6},
  address       = {Porto Alegre}
}

@book{HK1999,
  title={Nonlinear system identification. 2. Nonlinear system structure identification},
  author={Haber, Robert and Keviczky, L{\'a}szl{\'o}},
  volume={7},
  year={1999},
  publisher={Springer Science \& Business Media}
}

@article{ayala2020r,
  title={An R library for nonlinear black-box system identification},
  author={Ayala, Helon Vicente Hultmann and Gritti, Marcos Cesar and dos Santos Coelho, Leandro},
  journal={SoftwareX},
  volume={11},
  pages={100495},
  year={2020},
  publisher={Elsevier}
}
